<record><leader>00000cas a22000007a 4500</leader><controlfield tag="001">31730840</controlfield><controlfield tag="008">941221d19421942caucr ne      0    0eng d</controlfield><datafield ind1=" " ind2=" " tag="010"><subfield code="a">sn 94052740 </subfield></datafield><datafield ind1=" " ind2=" " tag="040"><subfield code="a">CUY</subfield><subfield code="b">eng</subfield><subfield code="c">CNK</subfield><subfield code="d">WAU</subfield><subfield code="d">OCLCQ</subfield><subfield code="d">OCLCO</subfield></datafield><datafield ind1="1" ind2=" " tag="029"><subfield code="a">AU@</subfield><subfield code="b">000024466591</subfield></datafield><datafield ind1=" " ind2=" " tag="042"><subfield code="a">msc</subfield></datafield><datafield ind1="0" ind2="0" tag="245"><subfield code="a">Walerga wasp.</subfield></datafield><datafield ind1=" " ind2=" " tag="260"><subfield code="a">Walerga Assembly Center [Calif.] :</subfield><subfield code="b">Walerga Assembly Center,</subfield><subfield code="c">[1942]</subfield></datafield><datafield ind1=" " ind2=" " tag="300"><subfield code="a">v.</subfield></datafield><datafield ind1=" " ind2=" " tag="310"><subfield code="a">Semiweekly</subfield></datafield><datafield ind1="0" ind2=" " tag="362"><subfield code="a">No. 2 (May 13 [1942])-no. 10 (June 14, 1942).</subfield></datafield><datafield ind1=" " ind2="0" tag="650"><subfield code="a">Japanese Americans</subfield><subfield code="x">Evacuation and relocation, 1942-1945</subfield><subfield code="v">Newspapers.</subfield></datafield><datafield ind1="2" ind2="0" tag="610"><subfield code="a">Walerga Assembly Center (Sacramento, Calif.)</subfield><subfield code="v">Newspapers.</subfield></datafield><datafield ind1=" " ind2=" " tag="752"><subfield code="a">United States</subfield><subfield code="b">California</subfield><subfield code="c">Sacramento</subfield><subfield code="d">Sacramento.</subfield></datafield><datafield ind1="0" ind2="0" tag="780"><subfield code="t">Walerga press</subfield><subfield code="w">(DLC)sn 94052739</subfield><subfield code="w">(OCoLC)31730837</subfield></datafield></record>